<record><leader>00000cas a22000007a 4500</leader><controlfield tag="001">10589210</controlfield><controlfield tag="008">840403d19311931ohudr ne      0    0eng d</controlfield><datafield ind1=" " ind2=" " tag="010"><subfield code="a">sn 84028213 </subfield></datafield><datafield ind1=" " ind2=" " tag="040"><subfield code="a">NPY</subfield><subfield code="b">eng</subfield><subfield code="c">NPY</subfield><subfield code="d">ONP</subfield><subfield code="d">OCLCQ</subfield></datafield><datafield ind1=" " ind2=" " tag="042"><subfield code="a">msc</subfield></datafield><datafield ind1="0" ind2="0" tag="245"><subfield code="a">Willoughby daily Republican.</subfield></datafield><datafield ind1=" " ind2=" " tag="260"><subfield code="a">Willoughby, Ohio :</subfield><subfield code="b">Ethel D. Bryant,</subfield><subfield code="c">1931.</subfield></datafield><datafield ind1=" " ind2=" " tag="300"><subfield code="a">v.</subfield></datafield><datafield ind1=" " ind2=" " tag="310"><subfield code="a">Daily</subfield></datafield><datafield ind1="0" ind2=" " tag="362"><subfield code="a">39th year, no. 1 (Dec. 14, 1931).</subfield></datafield><datafield ind1="1" ind2=" " tag="362"><subfield code="a">Ceased in Dec. 1931.</subfield></datafield><datafield ind1=" " ind2=" " tag="580"><subfield code="a">Weekly ed.: Lake County Republican herald.</subfield></datafield><datafield ind1=" " ind2="4" tag="651"><subfield code="a">Willoughby (Ohio)</subfield><subfield code="v">Newspapers.</subfield></datafield><datafield ind1=" " ind2="4" tag="651"><subfield code="a">Lake County (Ohio)</subfield><subfield code="v">Newspapers.</subfield></datafield><datafield ind1=" " ind2=" " tag="752"><subfield code="a">United States</subfield><subfield code="b">Ohio</subfield><subfield code="c">Lake</subfield><subfield code="d">Willoughby.</subfield></datafield><datafield ind1="1" ind2=" " tag="775"><subfield code="t">Lake County Republican herald</subfield><subfield code="w">(DLC)sn 84028214</subfield></datafield></record>